<record><leader>01785nam a2200481 i 4500</leader><controlfield tag="001">6798791</controlfield><controlfield tag="003">CaONFJC</controlfield><controlfield tag="005">20150116161343.0</controlfield><controlfield tag="006">m        d        </controlfield><controlfield tag="007">cr||n|||||||||</controlfield><controlfield tag="008">140602s2015    ilu     ob    001 0 eng d</controlfield><datafield ind1=" " ind2=" " tag="020"><subfield code="a">9780226206226 (hardcover : alkaline paper)</subfield></datafield><datafield ind1=" " ind2=" " tag="020"><subfield code="a">022620622X (hardcover : alkaline paper)</subfield></datafield><datafield ind1=" " ind2=" " tag="020"><subfield code="a">9780226206363 (e-book)</subfield></datafield><datafield ind1=" " ind2=" " tag="020"><subfield code="a">9781322452081 (MyiLibrary)</subfield></datafield><datafield ind1=" " ind2=" " tag="035"><subfield code="a">ocn897907270</subfield></datafield><datafield ind1=" " ind2=" " tag="037"><subfield code="a">676490</subfield><subfield code="b">MIL</subfield></datafield><datafield ind1=" " ind2=" " tag="039"><subfield code="a">exclude</subfield></datafield><datafield ind1=" " ind2=" " tag="040"><subfield code="a">CaONFJC</subfield><subfield code="c">CaONFJC</subfield><subfield code="e">rda</subfield><subfield code="d">AEU</subfield></datafield><datafield ind1=" " ind2=" " tag="043"><subfield code="a">aw-----</subfield></datafield><datafield ind1="0" ind2="4" tag="050"><subfield code="a">DS61.85</subfield><subfield code="b">.M37 2015eb</subfield></datafield><datafield ind1="0" ind2="4" tag="082"><subfield code="a">306.697</subfield><subfield code="2">23</subfield></datafield><datafield ind1=" " ind2=" " tag="090"><subfield code="a">Internet Access</subfield><subfield code="b">AEGMCT</subfield></datafield><datafield ind1="1" ind2=" " tag="100"><subfield code="a">Massad, Joseph Andoni,</subfield><subfield code="d">1963-</subfield><subfield code="e">author.</subfield></datafield><datafield ind1="1" ind2="0" tag="245"><subfield code="a">Islam in liberalism</subfield><subfield code="h">[electronic resource] /</subfield><subfield code="c">Joseph A. Massad.</subfield></datafield><datafield ind1=" " ind2="1" tag="264"><subfield code="a">Chicago :</subfield><subfield code="b">The University of Chicago Press,</subfield><subfield code="c">2015.</subfield></datafield><datafield ind1=" " ind2="4" tag="264"><subfield code="c">&#169;2015</subfield></datafield><datafield ind1=" " ind2=" " tag="300"><subfield code="a">1 online resource (xiii, 390 pages)</subfield></datafield><datafield ind1=" " ind2=" " tag="336"><subfield code="a">text</subfield><subfield code="b">txt</subfield><subfield code="2">rdacontent</subfield></datafield><datafield ind1=" " ind2=" " tag="337"><subfield code="a">computer</subfield><subfield code="b">c</subfield><subfield code="2">rdamedia</subfield></datafield><datafield ind1=" " ind2=" " tag="338"><subfield code="a">online resource</subfield><subfield code="b">cr</subfield><subfield code="2">rdacarrier</subfield></datafield><datafield ind1=" " ind2=" " tag="504"><subfield code="a">Includes bibliographical references (pages 343-371) and index.</subfield></datafield><datafield ind1=" " ind2=" " tag="506"><subfield code="a">Access restricted to authorized users and institutions.</subfield></datafield><datafield ind1=" " ind2=" " tag="588"><subfield code="a">Description based on print version record.</subfield></datafield><datafield ind1=" " ind2=" " tag="596"><subfield code="a">57</subfield></datafield><datafield ind1=" " ind2="0" tag="650"><subfield code="a">Orientalism.</subfield></datafield><datafield ind1=" " ind2="0" tag="650"><subfield code="a">Liberalism</subfield><subfield code="x">Moral and ethical aspects.</subfield></datafield><datafield ind1=" " ind2="0" tag="650"><subfield code="a">Islam</subfield><subfield code="x">Relations.</subfield></datafield><datafield ind1=" " ind2="0" tag="650"><subfield code="a">East and West.</subfield></datafield><datafield ind1=" " ind2="0" tag="651"><subfield code="a">Middle East</subfield><subfield code="x">Foreign public opinion, Western.</subfield></datafield><datafield ind1="4" ind2="0" tag="856"><subfield code="3">MacEwan University Access</subfield><subfield code="u">http://lib.myilibrary.com/detail.asp?ID=676490</subfield><subfield code="z">(Single User Access)</subfield></datafield><datafield ind1=" " ind2=" " tag="949"><subfield code="w">ORDER</subfield><subfield code="h">UAIN</subfield><subfield code="m">GR_MAC_INT</subfield><subfield code="z">MILGMPSA</subfield></datafield><datafield ind1=" " ind2=" " tag="926"><subfield code="a">Internet Access</subfield><subfield code="w">LC</subfield><subfield code="c">1</subfield><subfield code="i">6798791-1001</subfield><subfield code="l">INTERNET</subfield><subfield code="m">GR_MAC_INT</subfield><subfield code="p">$58.35</subfield><subfield code="r">Y</subfield><subfield code="s">Y</subfield><subfield code="t">E-RESOURCE</subfield><subfield code="u">2/3/2015</subfield><subfield code="x">E-BOOK</subfield><subfield code="z">MILGM</subfield></datafield></record>